@manual{anleitung,
  author = {TU Dortmund},
  title = {Versuchsanleitung zu Versuch Nr. 15 Vermessung und Untersuchung von Si-Streifendetektoren},
  urldate = {2018-02-02},
}

% @book{demtroeder,
%     author = {Wolfgang Demtröder},
%     title = {Experimentalphysik 1},
%     subtitle = {Mechanik und Wärme},
%     publisher = {Springer},
%     year = {2015},
%     edition = {7},
% }

% @reference{Codata,
%     editor = {CODATA},
%     title = {Constants, Units and Uncertainty},
%     subtitle = {Loschmidt constant},
%     year = {2014},
%     url = {https://physics.nist.gov/cgi-bin/cuu/Value?n0},
%     urldate = {2018-05-01},
% }
