@manual{anleitung,
  author = {TU Dortmund},
  title = {Versuchsanleitung zu Versuch Nr. 49 Messung von Diffusionskonstanten mittels gepulster Kernspinresonanz},
  year = {2018},
  url = {http://129.217.224.2/HOMEPAGE/PHYSIKER/MASTER/SKRIPT/V49.pdf},
  urldate = {2018-12-15},
}

% @book{demtroeder,
%     author = {Wolfgang Demtröder},
%     title = {Experimentalphysik 1},
%     subtitle = {Mechanik und Wärme},
%     publisher = {Springer},
%     year = {2015},
%     edition = {7},
% }

% @reference{Codata,
%     editor = {CODATA},
%     title = {Constants, Units and Uncertainty},
%     subtitle = {Loschmidt constant},
%     year = {2014},
%     url = {https://physics.nist.gov/cgi-bin/cuu/Value?n0},
%     urldate = {2018-05-01},
% }

@manual{hcp,
  title = {Molkulargewicht und Dichte},
  year = {2019},
  url = {www.spektrum.de/lexikon/chemie/kritischer-punkt/5123},
  urldate = {2019-01-17},
}

@manual{VdW,
  title = {Druck und Temperatur am kritischen Punkt für Wasser},
  year = {2019},
  url = {http://www.wissenschaft-technik-ethik.de/wasser_dichte.html},
  urldate = {2019-01-17},
}

@manual{QAMRI,
  title = {Questions and Answers in MRI},
  subtitle = {Size of T1 vs T2},
  year = {2018},
  url = {https://mri-q.com/why-is-t1--t2.html},
  urldate = {2019-01-21},
}

@Article{B005319H,
author ="Holz, Manfred and Heil, Stefan R. and Sacco, Antonio",
title  ="Temperature-dependent self-diffusion coefficients of water and six selected molecular liquids for calibration in accurate 1H NMR PFG measurements",
journal  ="Phys. Chem. Chem. Phys.",
year  ="2000",
volume  ="2",
issue  ="20",
pages  ="4740-4742",
publisher  ="The Royal Society of Chemistry",
doi  ="10.1039/B005319H",
url  ="http://dx.doi.org/10.1039/B005319H",
}
