@manual{anleitung,
  author = {TU Dortmund},
  title = {Diode Laser physics},
  year = {2018},
}

@manual{anleitung2,
  author = {TU Dortmund},
  title = {Versuch V61: Der HeNe-Laser},
  year = {2018},
}

% @book{demtroeder,
%     author = {Wolfgang Demtröder},
%     title = {Experimentalphysik 1},
%     subtitle = {Mechanik und Wärme},
%     publisher = {Springer},
%     year = {2015},
%     edition = {7},
% }

% @reference{Codata,
%     editor = {CODATA},
%     title = {Constants, Units and Uncertainty},
%     subtitle = {Loschmidt constant},
%     year = {2014},
%     url = {https://physics.nist.gov/cgi-bin/cuu/Value?n0},
%     urldate = {2018-05-01},
% }

@online{Sanyo,
  url = {http://www.optima-optics.com/pdf/DL7140S.PDF},
  urldate= {2018-10-31},
  }

@online{realSanyo,
  url = {http://shop.ozoptics.com/content/images/thumbs/0020779_dl-7140-201s.jpeg},
  urldate = {2018-11-03},
  }

@online{Littrow-Konfig,
  url = {https://de.wikipedia.org/wiki/Diodenlaser#/media/File:Littrow.svg},
  urldate = {2018-11-03},
  }

@online{recomb,
  url = {https://www.vitavonni.de/facharbeit/img35.gif},
  urldate = {2018-11-03},
  }
