@manual{anleitung,
  author = {TU Dortmund},
  title = {Versuchsanleitung zu Versuch Nr. 18 Reinst-Germanium-Detektor als Instrument der Gamma-Spektroskopie},
  year = {2018},
%  url = {},
%  urldate = {},
}

@manual{theorie,
  author = {IAEA - Nuclear Dta Section},
  title = {Live Chart of Nuclides},
  url = {https://www-nds.iaea.org/relnsd/vcharthtml/VChartHTML.html},
  year = {2018}
}

% @book{demtroeder,
%     author = {Wolfgang Demtröder},
%     title = {Experimentalphysik 1},
%     subtitle = {Mechanik und Wärme},
%     publisher = {Springer},
%     year = {2015},
%     edition = {7},
% }

% @reference{Codata,
%     editor = {CODATA},
%     title = {Constants, Units and Uncertainty},
%     subtitle = {Loschmidt constant},
%     year = {2014},
%     url = {https://physics.nist.gov/cgi-bin/cuu/Value?n0},
%     urldate = {2018-05-01},
% }

 @reference{referenz,
     url = {www.nucleide.org/Laraweb/index.php},
     urldate = {2019-02-10},
 }
